% This file was created with JabRef 2.10.
% Encoding: ISO8859_1


@Article{Bocher1900,
  Title                    = {On linear dependence of functions of one variable},
  Author                   = {B\^ocher,Maxime},
  Journal                  = {Bulletin of the American Mathematical Society},
  Year                     = {1900},
  Number                   = {3},
  Pages                    = {120-122},
  Volume                   = {7},

  ISBN                     = {0002-9904},
  Language                 = {English},
  Owner                    = {piratax007},
  Timestamp                = {2016.05.14},
  Url                      = {http://uoc.summon.serialssolutions.com/2.0.0/link/0/eLvHCXMw1V1LS8QwEA51T3oQn_iEnLxINW1qmh4E3cVFUFnE1WuITYQ92Iqu4s83kzRtXBHZo6fSQ7-0zDCPzsw3CNH0iMQzNsGEpbqkrKRU5UqynDxqyow6KWowmJ2WHgyzq2t-2-cPUXQWDpvUbt2Xuf4XCY-qQ4gRJaz4dptsS_sDAFxV299WmyDyw-TDMCH1rYDb0G77HoGuctPyuAJPSN0ShdicHcrq_czL-UZ-ThquA-UG6UjYg9HZQuOLXDqvnfkrgJ6Y2yU2rX3MAzWgga1LUhK4zcSNF_-wyKQgribcnBbbdwEWoSSmnRPyhfcZ39R2DLpaOREWSACQACBhgQQ9AKL0ZzUpp6e6iu_vFkwWznOfYTvHbJx1Rnw2BAi-3a8gx7-8XxCsBFHHeAUtN-kCPnfSX0WRrtbQUiejt3WUjCrs9AB3eoDrJ9zqAdwYPcBeDzZQPrwYDy5jf6p4cZwj4o_vp5uoVxmkLYRzRZhUkjJenmQ6lTyjzARqknNjq5NMbSMyL_rO_I_sosVO6fZQb_r6rveBeLX8AoMUPas}
}

@Book{Bellman2013,
  Title                    = {Stability Theory of Differential Equations},
  Author                   = {Bellman, R.},
  Publisher                = {Dover Publications},
  Year                     = {2013},
  Series                   = {Dover Books on Mathematics},

  ISBN                     = {9780486150130},
  Owner                    = {piratax007},
  Timestamp                = {2016.07.06},
  Url                      = {https://books.google.com.co/books?id=ISbEAgAAQBAJ}
}

@Book{Boyce1998,
  Title                    = {Ecuaciones diferenciales y problemas con valores en la frontera},
  Author                   = {Boyce, W.E. and Richard C. DiPrima},
  Publisher                = {Limusa},
  Year                     = {1998},

  ISBN                     = {9789681849740},
  Owner                    = {piratax007},
  Timestamp                = {2016.04.26},
  Url                      = {https://books.google.com.co/books?id=K8IIPQAACAAJ}
}

@Book{Campbell2011,
  Title                    = {Introduction to Differential Equations with Dynamical Systems},
  Author                   = {Campbell, S.L. and Haberman, R.},
  Publisher                = {Princeton University Press},
  Year                     = {2011},

  ISBN                     = {9781400841325},
  Owner                    = {piratax007},
  Timestamp                = {2016.05.16},
  Url                      = {https://books.google.com.co/books?id=Mt3nI-lQKZQC}
}

@Book{Fitzpatrick2013,
  Title                    = {Oscillations and Waves: An Introduction},
  Author                   = {Fitzpatrick, R.},
  Publisher                = {CRC Press},
  Year                     = {2013},
  ISBN                     = {9781466566095},
  Owner                    = {piratax007},
  Timestamp                = {2016.08.31},
  Url                      = {https://books.google.com.co/books?id=ZVjSBQAAQBAJ}
}

@Book{Fulford1997,
  Title                    = {Modelling with Differential and Difference Equations},
  Author                   = {Fulford, G. and Forrester, P. and Jones, A.},
  Publisher                = {Cambridge University Press},
  Year                     = {1997},
  Series                   = {Australian Mathematical Society Lecture Series},

  ISBN                     = {9780521446181},
  Lccn                     = {97180614},
  Owner                    = {piratax007},
  Timestamp                = {2016.04.18},
  Url                      = {https://books.google.com.co/books?id=aooS1OCqyOcC}
}

@Book{Hsieh2012,
  Title                    = {Basic Theory of Ordinary Differential Equations},
  Author                   = {Hsieh, P.F. and Sibuya, Y.},
  Publisher                = {Springer New York},
  Year                     = {2012},
  Series                   = {Universitext},

  ISBN                     = {9781461215066},
  Lccn                     = {99018392},
  Owner                    = {piratax007},
  Timestamp                = {2016.05.10},
  Url                      = {https://books.google.com.co/books?id=nTf0BwAAQBAJ}
}

@Book{Kreyszig2013,
  Title                    = {Matematicas avanzadas para ingenieria / Advanced Engineering Mathematics},
  Author                   = {Kreyszig, E.},
  Publisher                = {Editorial Limusa S.A. De C.V.},
  Year                     = {2013},
  Series                   = {Matem{\'a}ticas avanzadas para ingenier{\'\i}a},

  ISBN                     = {9786070504754},
  Owner                    = {piratax007},
  Timestamp                = {2016.06.14},
  Url                      = {https://books.google.com.ec/books?id=m\_PPmgEACAAJ}
}

@Book{Lomeli,
  Title                    = {Sistemas Din\'amicos},
  Author                   = {Lomel\'i, Hector E.},
  Editor                   = {Departamento Acad\'emico de Matem\'aticas},
  Publisher                = {Instituto Tecnol\'ogico Aut\'onomo de M\'exico},
  Year                     = {2005},

  Owner                    = {piratax007},
  Timestamp                = {2016.04.15}
}

@Book{Mathews1999,
  Title                    = {Numerical Methods Using MATLAB.},
  Author                   = {Mathews, J.H. and Fink, K.D.},
  Publisher                = {Prentice Hall},
  Year                     = {1999},
  Series                   = {Pearson Education},

  ISBN                     = {9780132700429},
  Lccn                     = {98048648},
  Owner                    = {piratax007},
  Timestamp                = {2016.04.26},
  Url                      = {https://books.google.com.co/books?id=F1sZAQAAIAAJ}
}

@Article{Peano1889,
  Title                    = {Sur le d\'eterminant Wronskien},
  Author                   = {Peano, Giuseppe},
  Journal                  = {Mathesis},
  Year                     = {1889},
  Volume                   = {9}
}

@Book{Ruch2011,
  Title                    = {Wavelet Theory: An Elementary Approach with Applications},
  Author                   = {Ruch, D.K. and Van Fleet, P.J.},
  Publisher                = {Wiley},
  Year                     = {2011},

  ISBN                     = {9781118165669},
  Lccn                     = {2009017249},
  Owner                    = {piratax007},
  Timestamp                = {2016.05.16},
  Url                      = {https://books.google.com.co/books?id=gidfj5euyeUC}
}

@Book{Schroeder2009,
  Title                    = {A Workbook for Differential Equations},
  Author                   = {Schr{\"o}der, B.S.W.},
  Publisher                = {Wiley},
  Year                     = {2009},

  ISBN                     = {9780470447512},
  Lccn                     = {2009040158},
  Owner                    = {piratax007},
  Timestamp                = {2016.05.12},
  Url                      = {https://books.google.com.co/books?id=KnDv68KMxIQC}
}

@Book{Serway1999,
  Title                    = {F\'isica},
  Author                   = {Serway, Raymond A},
  Publisher                = {McGrawHill},
  Year                     = {1999},

  Owner                    = {piratax007},
  Timestamp                = {2016.04.19}
}

@Book{Swokowski2009,
  Title                    = {Algebra y trigonometria con geometria analitica / Algebra and Trigonometry with Analytic Geometry},
  Author                   = {Swokowski, W. and Cole, J.A. and Romo, J.H.},
  Publisher                = {Cengage Learning Latin America},
  Year                     = {2009},

  __markedentry            = {[piratax007:6]},
  ISBN                     = {9789708300391},
  Owner                    = {piratax007},
  Timestamp                = {2016.09.09},
  Url                      = {https://books.google.com.co/books?id=b9W-ngEACAAJ}
}

@Book{Thomas2011,
  Title                    = {The Analysis and Design of Linear Circuits, 7th Edition},
  Author                   = {Thomas, R.E. and Rosa, A.J. and Toussaint, G.J.},
  Publisher                = {Wiley},
  Year                     = {2011},

  __markedentry            = {[piratax007:]},
  ISBN                     = {9781118214299},
  Owner                    = {piratax007},
  Timestamp                = {2016.09.04},
  Url                      = {https://books.google.com.co/books?id=SfsbAAAAQBAJ}
}

@Book{Timoshenko2008,
  Title                    = {Vibration Problems in Engineering},
  Author                   = {Timoshenko, S.},
  Publisher                = {Read Books},
  Year                     = {2008},

  ISBN                     = {9781443731676},
  Owner                    = {piratax007},
  Timestamp                = {2016.05.22},
  Url                      = {https://books.google.com.co/books?id=Te09ijPK2pIC}
}

@Electronic{WilkersonEvans2016,
  Title                    = {Forced Oscillations from the Wolfram Demonstrations Project},
  Author                   = {Wilkerson, Stephen and Evans, Mark},
  HowPublished             = {http://demonstrations.wolfram.com/ForcedOscillations/},
  Organization             = {Towson University},
  Url                      = {http://demonstrations.wolfram.com/ForcedOscillations/},

  Owner                    = {piratax007},
  Timestamp                = {2016.07.01}
}

@Book{Wylie1982,
  Title                    = {Matem{\'a}ticas superiores para ingenier{\'\i}a},
  Author                   = {Wylie, C.R. and Castellanos, J.H.P.},
  Publisher                = {Ediciones del Castillo},
  Year                     = {1982},

  ISBN                     = {9789686046847},
  Owner                    = {piratax007},
  Timestamp                = {2016.08.22},
  Url                      = {https://books.google.com.co/books?id=xj5YAAAACAAJ}
}

@Book{Yang2005,
  Title                    = {Applied Numerical Methods Using MATLAB},
  Author                   = {Yang, W.Y. and Cao, W. and Chung, T.S. and Morris, J.},
  Publisher                = {Wiley},
  Year                     = {2005},

  ISBN                     = {9780471705185},
  Owner                    = {piratax007},
  Timestamp                = {2016.04.26},
  Url                      = {https://books.google.com.co/books?id=otnFUvp6U3MC}
}

@Electronic{Zeleny2016,
  Title                    = {The Damped Nonlinear Pendulum},
  Author                   = {Enrique Zeleny},
  HowPublished             = {http://demonstrations.wolfram.com/TheDampedNonlinearPendulum/},
  Url                      = {http://demonstrations.wolfram.com/TheDampedNonlinearPendulum/},

  Owner                    = {piratax007},
  Timestamp                = {2016.08.20}
}

@Book{Zill2002,
  Title                    = {Ecuaciones diferenciales con aplicaciones de modelado},
  Author                   = {Zill, D.G.},
  Publisher                = {Thomson Learning},
  Year                     = {2002},
  Series                   = {Math Learning},

  ISBN                     = {9789706861214},
  Owner                    = {piratax007},
  Timestamp                = {2016.04.18},
  Url                      = {https://books.google.com.co/books?id=xKBgQgAACAAJ}
}

